@article{agentic_ai1,
  author = {Murugesan, S.},
  title = {The Rise of Agentic AI: Implications, Concerns, and the Path Forward},
  journal = {IEEE Intelligent Systems},
  volume = {40},
  number = {2},
  pages = {8--14},
  month = {March-April},
  year = {2025},
  doi = {10.1109/MIS.2025.3544940},
  keywords = {Industries; Learning (artificial intelligence); Stakeholders; Intelligent systems; Business; Artificial intelligence; Autonomous systems; Decision making}
}

@misc{arxiv250715003,
  title = {The Rise of AI Teammates in Software Engineering (SE) 3.0: How Autonomous Coding Agents Are Reshaping Software Engineering},
  author = {Hao Li, Haoxiang Zhang, Ahmed E. Hassan},
  year = {2025},
  eprint = {2507.15003},
  archivePrefix = {arXiv},
  primaryClass = {cs.SE},
  note = {Subjects: Software Engineering (cs.SE); Artificial Intelligence (cs.AI); Computational Engineering, Finance, and Science (cs.CE); Machine Learning (cs.LG). Cite as: arXiv:2507.15003 (or arXiv:2507.15003v1 [cs.SE] for this version).},
  doi = {10.48550/arXiv.2507.15003},
  url = {https://doi.org/10.48550/arXiv.2507.15003}
}

@misc{issue-commit-llm,
  title = {Back to the Basics: Rethinking Issue-Commit Linking with LLM-Assisted Retrieval},
  author = {Huihui Huang and Ratnadira Widyasari and Ting Zhang and Ivana Clairine Irsan and Jieke Shi and Han Wei Ang and Frank Liauw and Eng Lieh Ouh and Lwin Khin Shar and Hong Jin Kang and David Lo},
  year = {2025},
  eprint = {2507.09199},
  archivePrefix = {arXiv},
  primaryClass = {cs.SE},
  note = {Subjects: Software Engineering (cs.SE). Cite as: arXiv:2507.09199 (or arXiv:2507.09199v3 [cs.SE] for this version).},
  doi = {10.48550/arXiv.2507.09199},
  url = {https://doi.org/10.48550/arXiv.2507.09199}
}

@misc{r89,
  title = {AI Agentic Programming: A Survey of Techniques, Challenges, and Opportunities},
  author = {Wang, Huanting and Gong, Jingzhi and Zhang, Huawei and Xu, Jie and Wang, Zheng},
  year = {2025},
  eprint = {2508.11126},
  archivePrefix = {arXiv},
  primaryClass = {cs.SE},
  note = {Subjects: Software Engineering (cs.SE). Cite as: arXiv:2508.11126 (or arXiv:2508.11126v2 [cs.SE] for this version).},
  doi = {10.48550/arXiv.2508.11126},
  url = {https://doi.org/10.48550/arXiv.2508.11126}
}

@inproceedings{r90,
  title     = {Coding Agents: A Comprehensive Survey of Automated Bug Fixing Systems and Benchmarks},
  author    = {Puvvadi, M. and Arava, S. K. and Santoria, A. and Chennupati, S. S. P. and Puvvadi, H. V.},
  booktitle = {2025 IEEE 14th International Conference on Communication Systems and Network Technologies (CSNT)},
  year      = {2025},
  address   = {Bhopal, India},
  pages     = {680--686},
  doi       = {10.1109/CSNT64827.2025.10968728},
  keywords  = {Surveys;Large language models;Scalability;Semantics;Debugging;Maintenance engineering;Benchmark testing;Software;Software engineering;Context modeling;Agent-Based Models;Automated Program Repair;Large Language Models;Multi-Agent Systems;Context-Aware Debugging;Software Engineering Automation;Debugging Benchmarks;AI in Software Development}
}

@inproceedings{magis,
  title = {MAGIS: LLM-Based Multi-Agent Framework for GitHub Issue Resolution},
  author = {Tao, Wei and Zhou, Yucheng and Wang, Yanlin and Zhang, Wenqiang and Zhang, Hongyu and Cheng, Yu},
  booktitle = {Advances in Neural Information Processing Systems 37 (NeurIPS 2024) -- Main Conference Track},
  year = {2024},
  note = {NeurIPS 2024}
}

@article{r1,
  title={Bugzilla, ITracker, and other bug trackers},
  author={Serrano, Nicolas and Ciordia, Ismael},
  journal={IEEE software},
  volume={22},
  number={2},
  pages={11--13},
  year={2005},
  publisher={IEEE}
}

@inproceedings{r2,
  title={The product backlog},
  author={Sedano, Todd and Ralph, Paul and P{\'e}raire, C{\'e}cile},
  booktitle={2019 IEEE/ACM 41st International Conference on Software Engineering (ICSE)},
  pages={200--211},
  year={2019},
  organization={IEEE}
}

@book{r3,
  title={Version Control with Git: Powerful tools and techniques for collaborative software development},
  author={Loeliger, Jon and McCullough, Matthew},
  year={2012},
  publisher={" O'Reilly Media, Inc."}
}


@article{r4,
  title={Version control system: A review},
  author={Zolkifli, Nazatul Nurlisa and Ngah, Amir and Deraman, Aziz},
  journal={Procedia Computer Science},
  volume={135},
  pages={408--415},
  year={2018},
  publisher={Elsevier}
}

@inproceedings{r7,
  title={Populating a release history database from version control and bug tracking systems},
  author={Fischer, Michael and Pinzger, Martin and Gall, Harald},
  booktitle={International Conference on Software Maintenance, 2003. ICSM 2003. Proceedings.},
  pages={23--32},
  year={2003},
  organization={IEEE}
}

@article{r9,
  title={When do changes induce fixes?},
  author={{\'S}liwerski, Jacek and Zimmermann, Thomas and Zeller, Andreas},
  journal={ACM sigsoft software engineering notes},
  volume={30},
  number={4},
  pages={1--5},
  year={2005},
  publisher={ACM New York, NY, USA}
}

@inproceedings{r10,
  title={Software process data quality and characteristics: a historical view on open and closed source projects},
  author={Bachmann, Adrian and Bernstein, Abraham},
  booktitle={Proceedings of the joint international and annual ERCIM workshops on Principles of software evolution (IWPSE) and software evolution (Evol) workshops},
  pages={119--128},
  year={2009}
}

@inproceedings{r11,
  title={The missing links: bugs and bug-fix commits},
  author={Bachmann, Adrian and Bird, Christian and Rahman, Foyzur and Devanbu, Premkumar and Bernstein, Abraham},
  booktitle={Proceedings of the eighteenth ACM SIGSOFT international symposium on Foundations of software engineering},
  pages={97--106},
  year={2010}
}

@inproceedings{r8,
  title={How do centralized and distributed version control systems impact software changes?},
  author={Brindescu, Caius and Codoban, Mihai and Shmarkatiuk, Sergii and Dig, Danny},
  booktitle={Proceedings of the 36th international conference on Software Engineering},
  pages={322--333},
  year={2014}
}

@inproceedings{r5,
  title={Software process data quality and characteristics: a historical view on open and closed source projects},
  author={Bachmann, Adrian and Bernstein, Abraham},
  booktitle={Proceedings of the joint international and annual ERCIM workshops on Principles of software evolution (IWPSE) and software evolution (Evol) workshops},
  pages={119--128},
  year={2009}
}

@article{r15,
  title={Investigating the effect of dataset size, metrics sets, and feature selection techniques on software fault prediction problem},
  author={Catal, Cagatay and Diri, Banu},
  journal={Information Sciences},
  volume={179},
  number={8},
  pages={1040--1058},
  year={2009},
  publisher={Elsevier}
}

@inproceedings{r16,
  title={Implications of ceiling effects in defect predictors},
  author={Menzies, Tim and Turhan, Burak and Bener, Ayse and Gay, Gregory and Cukic, Bojan and Jiang, Yue},
  booktitle={Proceedings of the 4th international workshop on Predictor models in software engineering},
  pages={47--54},
  year={2008}
}

@inproceedings{r17,
  title={Revisiting the impact of classification techniques on the performance of defect prediction models},
  author={Ghotra, Baljinder and McIntosh, Shane and Hassan, Ahmed E},
  booktitle={2015 IEEE/ACM 37th IEEE International Conference on Software Engineering},
  volume={1},
  pages={789--800},
  year={2015},
  organization={IEEE}
}

@article{r18,
  title={Classifying software changes: Clean or buggy?},
  author={Kim, Sunghun and Whitehead, E James and Zhang, Yi},
  journal={IEEE Transactions on Software Engineering},
  volume={34},
  number={2},
  pages={181--196},
  year={2008},
  publisher={IEEE}
}

@inproceedings{r51,
  title={Analyzing and relating bug report data for feature tracking},
  author={Fischer, Michael and Pinzger, Martin and Gall, Harald},
  booktitle={WCRE},
  volume={3},
  pages={90},
  year={2003}
}

@inproceedings{r50,
  title={Populating a release history database from version control and bug tracking systems},
  author={Fischer, Michael and Pinzger, Martin and Gall, Harald},
  booktitle={International Conference on Software Maintenance, 2003. ICSM 2003. Proceedings.},
  pages={23--32},
  year={2003},
  organization={IEEE}
}

@inproceedings{r52,
  title={Predicting faults from cached history},
  author={Kim, Sunghun and Zimmermann, Thomas and Whitehead Jr, E James and Zeller, Andreas},
  booktitle={29th International Conference on Software Engineering (ICSE'07)},
  pages={489--498},
  year={2007},
  organization={IEEE}
}

@inproceedings{r53,
  title={If your bug database could talk},
  author={Schr{\"o}ter, Adrian and Zimmermann, Thomas and Premraj, Rahul and Zeller, Andreas},
  booktitle={Proceedings of the 5th international symposium on empirical software engineering},
  volume={2},
  pages={18--20},
  year={2006},
  organization={Citeseer}
}

@inproceedings{r54,
  title={Preprocessing CVS Data for Fine-Grained Analysis.},
  author={Zimmermann, Thomas and Wei{\ss}gerber, Peter},
  booktitle={MSR},
  volume={4},
  pages={2--6},
  year={2004},
  organization={Citeseer}
}

@inproceedings{r55,
  title={Predicting defects for eclipse},
  author={Zimmermann, Thomas and Premraj, Rahul and Zeller, Andreas},
  booktitle={Third International Workshop on Predictor Models in Software Engineering (PROMISE'07: ICSE Workshops 2007)},
  pages={9--9},
  year={2007},
  organization={IEEE}
}




@inproceedings{r24,
  title={Fair and balanced? bias in bug-fix datasets},
  author={Bird, Christian and Bachmann, Adrian and Aune, Eirik and Duffy, John and Bernstein, Abraham and Filkov, Vladimir and Devanbu, Premkumar},
  booktitle={Proceedings of the 7th joint meeting of the European Software Engineering Conference and the ACM SIGSOFT Symposium on the Foundations of Software Engineering},
  pages={121--130},
  year={2009}
}

@article{r56,
  title={Frlink: Improving the recovery of missing issue-commit links by revisiting file relevance},
  author={Sun, Yan and Wang, Qing and Yang, Ye},
  journal={Information and Software Technology},
  volume={84},
  pages={33--47},
  year={2017},
  publisher={Elsevier}
}

@inproceedings{linkster,
  title={Linkster: enabling efficient manual inspection and annotation of mined data},
  author={Bird, Christian and Bachmann, Adrian and Rahman, Foyzur and Bernstein, Abraham},
  booktitle={Proceedings of the eighteenth ACM SIGSOFT international symposium on Foundations of software engineering},
  pages={369--370},
  year={2010}
}

@article{r19,
  title={Classification techniques for metric-based software development},
  author={Ebert, Christof},
  journal={Software Quality Journal},
  volume={5},
  number={4},
  pages={255--272},
  year={1996},
  publisher={Springer}
}

@book{r20,
  title={Modern structured analysis},
  author={Yourdon, Edward},
  year={1989},
  publisher={Yourdon press}
}

@inproceedings{r21,
  title={Visualizing software systems},
  author={Baker, Marla J and Eick, Stephen G},
  booktitle={Proceedings of 16th International Conference on Software Engineering},
  pages={59--67},
  year={1994},
  organization={IEEE}
}

@article{r22,
  title={Yesterday, my program worked. Today, it does not. Why?},
  author={Zeller, Andreas},
  journal={ACM SIGSOFT Software engineering notes},
  volume={24},
  number={6},
  pages={253--267},
  year={1999},
  publisher={ACM New York, NY, USA}
}



@inproceedings{relink,
  title={Relink: recovering links between bugs and changes},
  author={Wu, Rongxin and Zhang, Hongyu and Kim, Sunghun and Cheung, Shing-Chi},
  booktitle={Proceedings of the 19th ACM SIGSOFT symposium and the 13th European conference on Foundations of software engineering},
  pages={15--25},
  year={2011}
}

@inproceedings{mlink,
  title={Multi-layered approach for recovering links between bug reports and fixes},
  author={Nguyen, Anh Tuan and Nguyen, Tung Thanh and Nguyen, Hoan Anh and Nguyen, Tien N},
  booktitle={Proceedings of the ACM SIGSOFT 20th International Symposium on the Foundations of Software Engineering},
  pages={1--11},
  year={2012}
}

@inproceedings{r27,
  title={On automatically generating commit messages via summarization of source code changes},
  author={Cort{\'e}s-Coy, Luis Fernando and Linares-V{\'a}squez, Mario and Aponte, Jairo and Poshyvanyk, Denys},
  booktitle={2014 IEEE 14th International Working Conference on Source Code Analysis and Manipulation},
  pages={275--284},
  year={2014},
  organization={IEEE}
}

@inproceedings{r28,
  title={Changescribe: A tool for automatically generating commit messages},
  author={Linares-V{\'a}squez, Mario and Cort{\'e}s-Coy, Luis Fernando and Aponte, Jairo and Poshyvanyk, Denys},
  booktitle={2015 IEEE/ACM 37th IEEE International Conference on Software Engineering},
  volume={2},
  pages={709--712},
  year={2015},
  organization={IEEE}
}

@inproceedings{r57,
  title={The impact of tangled code changes},
  author={Herzig, Kim and Zeller, Andreas},
  booktitle={2013 10th Working Conference on Mining Software Repositories (MSR)},
  pages={121--130},
  year={2013},
  organization={IEEE}
}

@article{r58,
  title={Refactoring tools: Fitness for purpose},
  author={Murphy-Hill, Emerson and Black, Andrew P},
  journal={IEEE software},
  volume={25},
  number={5},
  pages={38--44},
  year={2008},
  publisher={IEEE}
}

@inproceedings{r59,
  title={Hey! are you committing tangled changes?},
  author={Kirinuki, Hiroyuki and Higo, Yoshiki and Hotta, Keisuke and Kusumoto, Shinji},
  booktitle={Proceedings of the 22nd International Conference on Program Comprehension},
  pages={262--265},
  year={2014}
}

@article{r30,
  title={Deep learning: a comprehensive overview on techniques, taxonomy, applications and research directions},
  author={Sarker, Iqbal H},
  journal={SN Computer Science},
  volume={2},
  number={6},
  pages={1--20},
  year={2021},
  publisher={Springer}
}

@inproceedings{r34,
  title={Neural network models for paraphrase identification, semantic textual similarity, natural language inference, and question answering},
  author={Lan, Wuwei and Xu, Wei},
  booktitle={Proceedings of the 27th International Conference on Computational Linguistics},
  pages={3890--3902},
  year={2018}
}

@inproceedings{r35,
  title={Multi-perspective sentence similarity modeling with convolutional neural networks},
  author={He, Hua and Gimpel, Kevin and Lin, Jimmy},
  booktitle={Proceedings of the 2015 conference on empirical methods in natural language processing},
  pages={1576--1586},
  year={2015}
}

@article{r36,
  title={Abcnn: Attention-based convolutional neural network for modeling sentence pairs},
  author={Yin, Wenpeng and Sch{\"u}tze, Hinrich and Xiang, Bing and Zhou, Bowen},
  journal={Transactions of the Association for Computational Linguistics},
  volume={4},
  pages={259--272},
  year={2016},
  publisher={MIT Press}
}

@inproceedings{r39,
  title={Parsing natural scenes and natural language with recursive neural networks},
  author={Socher, Richard and Lin, Cliff Chiung-Yu and Ng, Andrew Y and Manning, Christopher D},
  booktitle={ICML},
  year={2011}
}

@article{r40,
  title={Natural language inference over interaction space},
  author={Gong, Yichen and Luo, Heng and Zhang, Jian},
  journal={arXiv preprint arXiv:1709.04348},
  year={2017}
}

@article{r37,
  title={Enhanced LSTM for natural language inference},
  author={Chen, Qian and Zhu, Xiaodan and Ling, Zhenhua and Wei, Si and Jiang, Hui and Inkpen, Diana},
  journal={arXiv preprint arXiv:1609.06038},
  year={2016}
}

@article{r38,
  title={Dr-bilstm: Dependent reading bidirectional lstm for natural language inference},
  author={Ghaeini, Reza and Hasan, Sadid A and Datla, Vivek and Liu, Joey and Lee, Kathy and Qadir, Ashequl and Ling, Yuan and Prakash, Aaditya and Fern, Xiaoli Z and Farri, Oladimeji},
  journal={arXiv preprint arXiv:1802.05577},
  year={2018}
}

@article{r33,
  title={A vector space model for automatic indexing},
  author={Salton, Gerard and Wong, Anita and Yang, Chung-Shu},
  journal={Communications of the ACM},
  volume={18},
  number={11},
  pages={613--620},
  year={1975},
  publisher={ACM New York, NY, USA}
}

@inproceedings{r45,
  title={Learning unified features from natural and programming languages for locating buggy source code.},
  author={Huo, Xuan and Li, Ming and Zhou, Zhi-Hua and others},
  booktitle={IJCAI},
  volume={16},
  pages={1606--1612},
  year={2016}
}

@article{r41,
  title={Translating embeddings for modeling multi-relational data},
  author={Bordes, Antoine and Usunier, Nicolas and Garcia-Duran, Alberto and Weston, Jason and Yakhnenko, Oksana},
  journal={Advances in neural information processing systems},
  volume={26},
  year={2013}
}

@inproceedings{r42,
  title={Knowledge graph embedding by translating on hyperplanes},
  author={Wang, Zhen and Zhang, Jianwen and Feng, Jianlin and Chen, Zheng},
  booktitle={Proceedings of the AAAI Conference on Artificial Intelligence},
  volume={28},
  number={1},
  year={2014}
}

@inproceedings{r44,
  title={Knowledge graph embedding via dynamic mapping matrix},
  author={Ji, Guoliang and He, Shizhu and Xu, Liheng and Liu, Kang and Zhao, Jun},
  booktitle={Proceedings of the 53rd annual meeting of the association for computational linguistics and the 7th international joint conference on natural language processing (volume 1: Long papers)},
  pages={687--696},
  year={2015}
}

@inproceedings{r43,
  title={Learning entity and relation embeddings for knowledge graph completion},
  author={Lin, Yankai and Liu, Zhiyuan and Sun, Maosong and Liu, Yang and Zhu, Xuan},
  booktitle={Twenty-ninth AAAI conference on artificial intelligence},
  year={2015}
}

@article{r46,
  title={Distributed representations of words and phrases and their compositionality},
  author={Mikolov, Tomas and Sutskever, Ilya and Chen, Kai and Corrado, Greg S and Dean, Jeff},
  journal={Advances in neural information processing systems},
  volume={26},
  year={2013}
}

@article{r47,
  title={Learning phrase representations using RNN encoder-decoder for statistical machine translation},
  author={Cho, Kyunghyun and Van Merri{\"e}nboer, Bart and Gulcehre, Caglar and Bahdanau, Dzmitry and Bougares, Fethi and Schwenk, Holger and Bengio, Yoshua},
  journal={arXiv preprint arXiv:1406.1078},
  year={2014}
}

@article{a,
  title={Stochastic gradient boosting},
  author={Friedman, Jerome H},
  journal={Computational statistics \& data analysis},
  volume={38},
  number={4},
  pages={367--378},
  year={2002},
  publisher={Elsevier}
}

@article{b,
  title={Is Naive Bayes a good classifier for document classification},
  author={Ting, SL and Ip, WH and Tsang, Albert HC and others},
  journal={International Journal of Software Engineering and Its Applications},
  volume={5},
  number={3},
  pages={37--46},
  year={2011}
}

@article{c,
  title={Random forests},
  author={Breiman, Leo},
  journal={Machine learning},
  volume={45},
  number={1},
  pages={5--32},
  year={2001},
  publisher={Springer}
}

@inproceedings{d,
  title={Xgboost: A scalable tree boosting system},
  author={Chen, Tianqi and Guestrin, Carlos},
  booktitle={Proceedings of the 22nd acm sigkdd international conference on knowledge discovery and data mining},
  pages={785--794},
  year={2016}
}


@inproceedings{q1,
  title={Deeplink: A code knowledge graph based deep learning approach for issue-commit link recovery},
  author={Xie, Rui and Chen, Long and Ye, Wei and Li, Zhiyu and Hu, Tianxiang and Du, Dongdong and Zhang, Shikun},
  booktitle={2019 IEEE 26th International Conference on Software Analysis, Evolution and Reengineering (SANER)},
  pages={434--444},
  year={2019},
  organization={IEEE}
}

@inproceedings{q2,
  title={Automated Recovery of Issue-Commit Links Leveraging Both Textual and Non-textual Data},
  author={Mazrae, Pooya Rostami and Izadi, Maliheh and Heydarnoori, Abbas},
  booktitle={2021 IEEE International Conference on Software Maintenance and Evolution (ICSME)},
  pages={263--273},
  year={2021},
  organization={IEEE}
}




@inproceedings{q3,
  title={Rclinker: Automated linking of issue reports and commits leveraging rich contextual information},
  author={Le, Tien-Duy B and Linares-V{\'a}squez, Mario and Lo, David and Poshyvanyk, Denys},
  booktitle={2015 IEEE 23rd International Conference on Program Comprehension},
  pages={36--47},
  year={2015},
  organization={IEEE}
}

@inproceedings{q4,
  title={Improving missing issue-commit link recovery using positive and unlabeled data},
  author={Sun, Yan and Chen, Celia and Wang, Qing and Boehm, Barry},
  booktitle={2017 32nd IEEE/ACM International Conference on Automated Software Engineering (ASE)},
  pages={147--152},
  year={2017},
  organization={IEEE}
}
@article{miller1995wordnet,
  title={WordNet: a lexical database for English},
  author={Miller, George A},
  journal={Communications of the ACM},
  volume={38},
  number={11},
  pages={39--41},
  year={1995},
  publisher={ACM New York, NY, USA}
}
@book{salton1983introduction,
  title={Introduction to modern information retrieval},
  author={Salton, Gerard and McGill, Michael J},
  year={1983},
  publisher={mcgraw-hill}
}


@inproceedings{20mad,
  title={20-MAD: 20 years of issues and commits of Mozilla and Apache development},
  author={Claes, Ma{\"e}lick and M{\"a}ntyl{\"a}, Mika V},
  booktitle={Proceedings of the 17th International Conference on Mining Software Repositories},
  pages={503--507},
  year={2020}
}



@inproceedings{don,
  title={20-MAD: 20 years of issues and commits of Mozilla and Apache development},
  author={Claes, Ma{\"e}lick and M{\"a}ntyl{\"a}, Mika V},
  booktitle={Proceedings of the 17th International Conference on Mining Software Repositories},
  pages={503--507},
  year={2020}
}


@inproceedings{bert,
title	= {BERT: Pre-training of Deep Bidirectional Transformers for Language Understanding},
author	= {Jacob Devlin and Ming-Wei Chang and Kenton Lee and Kristina N. Toutanova},
year	= {2018},
URL	= {https://arxiv.org/abs/1810.04805}
}




@inproceedings{studies1,
  title={How do centralized and distributed version control systems impact software changes?},
  author={Brindescu, Caius and Codoban, Mihai and Shmarkatiuk, Sergii and Dig, Danny},
  booktitle={Proceedings of the 36th international conference on Software Engineering},
  pages={322--333},
  year={2014}
}


@inproceedings{studies2,
  title={Software process data quality and characteristics: a historical view on open and closed source projects},
  author={Bachmann, Adrian and Bernstein, Abraham},
  booktitle={Proceedings of the joint international and annual ERCIM workshops on Principles of software evolution (IWPSE) and software evolution (Evol) workshops},
  pages={119--128},
  year={2009}
}


@inproceedings{lime,
  title={" Why should i trust you?" Explaining the predictions of any classifier},
  author={Ribeiro, Marco Tulio and Singh, Sameer and Guestrin, Carlos},
  booktitle={Proceedings of the 22nd ACM SIGKDD international conference on knowledge discovery and data mining},
  pages={1135--1144},
  year={2016}
}


@article{roberta,
  title={Roberta: A robustly optimized bert pretraining approach},
  author={Liu, Yinhan and Ott, Myle and Goyal, Naman and Du, Jingfei and Joshi, Mandar and Chen, Danqi and Levy, Omer and Lewis, Mike and Zettlemoyer, Luke and Stoyanov, Veselin},
  journal={arXiv preprint arXiv:1907.11692},
  year={2019}
}


@article{codebert,
  title={Codebert: A pre-trained model for programming and natural languages},
  author={Feng, Zhangyin and Guo, Daya and Tang, Duyu and Duan, Nan and Feng, Xiaocheng and Gong, Ming and Shou, Linjun and Qin, Bing and Liu, Ting and Jiang, Daxin and others},
  journal={arXiv preprint arXiv:2002.08155},
  year={2020}
}


@article{albert,
  title={Albert: A lite bert for self-supervised learning of language representations},
  author={Lan, Zhenzhong and Chen, Mingda and Goodman, Sebastian and Gimpel, Kevin and Sharma, Piyush and Soricut, Radu},
  journal={arXiv preprint arXiv:1909.11942},
  year={2019}
}



@inproceedings{traceability,
  title={Traceability transformed: Generating more accurate links with pre-trained bert models},
  author={Lin, Jinfeng and Liu, Yalin and Zeng, Qingkai and Jiang, Meng and Cleland-Huang, Jane},
  booktitle={2021 IEEE/ACM 43rd International Conference on Software Engineering (ICSE)},
  pages={324--335},
  year={2021},
  organization={IEEE}
}


@article{btlink,
  title={BTLink: automatic link recovery between issues and commits based on pre-trained BERT model},
  author={Lan, Jinpeng and Gong, Lina and Zhang, Jingxuan and Zhang, Haoxiang},
  journal={Empirical Software Engineering},
  volume={28},
  number={4},
  pages={1--55},
  year={2023},
  publisher={Springer}
}


@article{shap,
  title={A unified approach to interpreting model predictions},
  author={Lundberg, Scott M and Lee, Su-In},
  journal={Advances in neural information processing systems},
  volume={30},
  year={2017}
}



@article{re1,
  title={LinkFormer: Automatic Contextualised Link Recovery of Software Artifacts in both Project-based and Transfer Learning Settings},
  author={Izadi, Maliheh and Mazrae, Pooya Rostami and Mens, Tom and van Deursen, Arie},
  journal={arXiv preprint arXiv:2211.00381},
  year={2022}
}


@inproceedings{rene1,
  title={Discovering loners and phantoms in commit and issue data},
  author={Schermann, Gerald and Brandtner, Martin and Panichella, Sebastiano and Leitner, Philipp and Gall, Harald},
  booktitle={2015 IEEE 23rd International Conference on Program Comprehension},
  pages={4--14},
  year={2015},
  organization={IEEE}
}


@inproceedings{rene2,
  title={Traceability in the wild: automatically augmenting incomplete trace links},
  author={Rath, Michael and Rendall, Jacob and Guo, Jin LC and Cleland-Huang, Jane and M{\"a}der, Patrick},
  booktitle={Proceedings of the 40th International Conference on Software Engineering},
  pages={834--845},
  year={2018}
}


@article{rene3,
  title={DeepLink: Recovering issue-commit links based on deep learning},
  author={Ruan, Hang and Chen, Bihuan and Peng, Xin and Zhao, Wenyun},
  journal={Journal of Systems and Software},
  volume={158},
  pages={110406},
  year={2019},
  publisher={Elsevier}
}


@inproceedings{rene4,
  title={Traceability transformed: Generating more accurate links with pre-trained bert models},
  author={Lin, Jinfeng and Liu, Yalin and Zeng, Qingkai and Jiang, Meng and Cleland-Huang, Jane},
  booktitle={2021 IEEE/ACM 43rd International Conference on Software Engineering (ICSE)},
  pages={324--335},
  year={2021},
  organization={IEEE}
}


@inproceedings{rene5,
  title={Traceability management for impact analysis},
  author={De Lucia, Andrea and Fasano, Fausto and Oliveto, Rocco},
  booktitle={2008 Frontiers of Software Maintenance},
  pages={21--30},
  year={2008},
  organization={IEEE}
}

@inproceedings{rene6,
  title={Semantically enhanced software traceability using deep learning techniques},
  author={Guo, Jin and Cheng, Jinghui and Cleland-Huang, Jane},
  booktitle={2017 IEEE/ACM 39th International Conference on Software Engineering (ICSE)},
  pages={3--14},
  year={2017},
  organization={IEEE}
}




@inproceedings{tbert,
  title={Traceability transformed: Generating more accurate links with pre-trained bert models},
  author={Lin, Jinfeng and Liu, Yalin and Zeng, Qingkai and Jiang, Meng and Cleland-Huang, Jane},
  booktitle={2021 IEEE/ACM 43rd International Conference on Software Engineering (ICSE)},
  pages={324--335},
  year={2021},
  organization={IEEE}
}

@inproceedings{hybrid,
  title={Automated recovery of issue-commit links leveraging both textual and non-textual data},
  author={Mazrae, Pooya Rostami and Izadi, Maliheh and Heydarnoori, Abbas},
  booktitle={2021 IEEE International Conference on Software Maintenance and Evolution (ICSME)},
  pages={263--273},
  year={2021},
  organization={IEEE}
}


@inproceedings{ealink,
  title={EALink: An efficient and accurate pre-trained framework for issue-commit link recovery},
  author={Zhang, Chenyuan and Wang, Yanlin and Wei, Zhao and Xu, Yong and Wang, Juhong and Li, Hui and Ji, Rongrong},
  booktitle={2023 38th IEEE/ACM International Conference on Automated Software Engineering (ASE)},
  pages={217--229},
  year={2023},
  organization={IEEE}
}


@inproceedings{hermes,
  title={Hermes: Using commit-issue linking to detect vulnerability-fixing commits},
  author={Nguyen-Truong, Giang and Kang, Hong Jin and Lo, David and Sharma, Abhishek and Santosa, Andrew E and Sharma, Asankhaya and Ang, Ming Yi},
  booktitle={2022 IEEE International Conference on Software Analysis, Evolution and Reengineering (SANER)},
  pages={51--62},
  year={2022},
  organization={IEEE}
}


@article{cf_1,
  title={CommitShield: Tracking Vulnerability Introduction and Fix in Version Control Systems},
  author={Wu, Zhaonan and Zhao, Yanjie and Wei, Chen and Wan, Zirui and Liu, Yue and Wang, Haoyu},
  journal={arXiv preprint arXiv:2501.03626},
  year={2025}
}

@article{cf_2,
  title={Identify vulnerability fix commits automatically using hierarchical attention network},
  author={Sun, Mingxin and Wang, Wenjie and Feng, Hantao and Sun, Hongu and Zhang, Yuqing},
  journal={EAI Endorsed Transactions on Security and Safety},
  volume={7},
  number={23},
  pages={e2--e2},
  year={2020}
}

@inproceedings{cf_3,
  title={Vulcurator: a vulnerability-fixing commit detector},
  author={Nguyen, Truong Giang and Le-Cong, Thanh and Kang, Hong Jin and Le, Xuan-Bach D and Lo, David},
  booktitle={Proceedings of the 30th ACM Joint European Software Engineering Conference and Symposium on the Foundations of Software Engineering},
  pages={1726--1730},
  year={2022}
}

@article{cf_4,
  title={Identify vulnerability fix commits automatically using hierarchical attention network},
  author={Sun, Mingxin and Wang, Wenjie and Feng, Hantao and Sun, Hongu and Zhang, Yuqing},
  journal={EAI Endorsed Transactions on Security and Safety},
  volume={7},
  number={23},
  pages={e2--e2},
  year={2020}
}


@inproceedings{intro_1,
  title={Traceability transformed: Generating more accurate links with pre-trained bert models},
  author={Lin, Jinfeng and Liu, Yalin and Zeng, Qingkai and Jiang, Meng and Cleland-Huang, Jane},
  booktitle={2021 IEEE/ACM 43rd International Conference on Software Engineering (ICSE)},
  pages={324--335},
  year={2021},
  organization={IEEE}
}

@article{intro_2,
  title={Recovering traceability links between code and documentation},
  author={Antoniol, Giuliano and Canfora, Gerardo and Casazza, Gerardo and De Lucia, Andrea and Merlo, Ettore},
  journal={IEEE transactions on software engineering},
  volume={28},
  number={10},
  pages={970--983},
  year={2002},
  publisher={IEEE}
}
@article{intro_3,
  title={Recovering traceability links between code and documentation},
  author={Antoniol, Giuliano and Canfora, Gerardo and Casazza, Gerardo and De Lucia, Andrea and Merlo, Ettore},
  journal={IEEE transactions on software engineering},
  volume={28},
  number={10},
  pages={970--983},
  year={2002},
  publisher={IEEE}
}

@inproceedings{impact_analysis,
  title={A literature review of automatic traceability links recovery for software change impact analysis},
  author={Aung, Thazin Win Win and Huo, Huan and Sui, Yulei},
  booktitle={Proceedings of the 28th International Conference on Program Comprehension},
  pages={14--24},
  year={2020}
}

@inproceedings{project,
  title={Successful deployment of requirements traceability in a commercial engineering organization... really},
  author={Panis, Michael C},
  booktitle={2010 18th IEEE International Requirements Engineering Conference},
  pages={303--307},
  year={2010},
  organization={IEEE}
}
@inproceedings{intro_testing,
  title={Using traceability to support model-based regression testing},
  author={Naslavsky, Leila and Richardson, Debra J},
  booktitle={Proceedings of the 22nd IEEE/ACM International Conference on Automated Software Engineering},
  pages={567--570},
  year={2007}
}
@inproceedings{cost1,
  title={The missing links: bugs and bug-fix commits},
  author={Bachmann, Adrian and Bird, Christian and Rahman, Foyzur and Devanbu, Premkumar and Bernstein, Abraham},
  booktitle={Proceedings of the eighteenth ACM SIGSOFT international symposium on Foundations of software engineering},
  pages={97--106},
  year={2010}
}

@article{cost2,
  title={How Do Centralized and Distributed Version Control Systems Impact Software Changes, ACM, 2014, retrieved online on May 1, 2019},
  author={Brindescu, Caius and others},
  journal={Retrieved from the internet:.(Year: 2014)},
  pages={322--333}
}


@inproceedings{cost3,
  title={A semantic relatedness approach for traceability link recovery},
  author={Mahmoud, Anas and Niu, Nan and Xu, Songhua},
  booktitle={2012 20th IEEE international conference on program comprehension (ICPC)},
  pages={183--192},
  year={2012},
  organization={IEEE}
}


@misc{GitHubAPI,
  author    = {GitHub},
  title     = {Rate Limits for the REST API},
  year      = {2022},
  url       = {https://docs.github.com/en/rest/using-the-rest-api/rate-limits-for-the-rest-api?apiVersion=2022-11-28},
  note      = {Accessed: February 7, 2025}
}
@article{pi_issue_pr,
  title={Pi-link: A ground-truth dataset of links between pull-requests and issues in github},
  author={Alshara, Zakarea and Shatnawi, Anas and Eyal-Salman, Hamzeh and Seriai, Abdelhak-Djamel and Shatnawi, Maad},
  journal={IEEE Access},
  volume={11},
  pages={697--710},
  year={2022},
  publisher={IEEE}
}


@misc{github_linking_pr_issue,
  author = {{GitHub Documentation}},
  title = {Linking a pull request to an issue},
  year = {2024},
  url = {https://docs.github.com/en/issues/tracking-your-work-with-issues/using-issues/linking-a-pull-request-to-an-issue?utm_source=chatgpt.com},
  note = {Accessed: 2024-02-07}
}


@book{safety,
  author    = {L. Rierson},
  title     = {Developing Safety-Critical Software: A Practical Guide for Aviation Software and DO-178C Compliance},
  publisher = {CRC Press},
  year      = {2013}
}
@article{mplinker,
  title={MPLinker: Multi-template Prompt-tuning with adversarial training for issue-commit Link recovery},
  author={Wang, Bangchao and Deng, Yang and Luo, Ruiqi and Liang, Peng and Bi, Tingting},
  journal={Journal of Systems and Software},
  pages={112351},
  year={2025},
  publisher={Elsevier}
}
@misc{beyondone2one,
  author       = {Abhishek Kumar},
  title        = {Beyond One-to-One: A Dataset for One-to-Many Issue-Commit Link Recovery},
  year         = {2025},
  howpublished = {\url{https://osf.io/xfn9t/}},
  note         = {Accessed: 2025-04-26}
}


@misc{mu2025expeRepair,
  author = {Mu, Fangwen and Wang, Junjie and Shi, Lin and Wang, Song and Li, Shoubin and Wang, Qing},
  title  = {ExpeRepair: Dual-Memory Enhanced LLM-based Repository-Level Program Repair},
  year   = {2025},
  note   = {Preprint / project description provided by the authors; Accessed: 2025-10-28}
}

@article{bm25,
  title={The probabilistic relevance framework: BM25 and beyond},
  author={Robertson, Stephen and Zaragoza, Hugo and others},
  journal={Foundations and Trends{\textregistered} in Information Retrieval},
  volume={3},
  number={4},
  pages={333--389},
  year={2009},
  publisher={Now Publishers, Inc.}
}


@article{lambda,
  title={From RankNet to LambdaRank to LambdaMART: An overview},
  author={Burges, Christopher JC},
  journal={Learning},
  volume={11},
  pages={23--581},
  year={2010}
}



@article{deep-semi,
  title={Deep semi-supervised learning for recovering traceability links between issues and commits},
  author={Zhu, Jianfei and Xiao, Guanping and Zheng, Zheng and Sui, Yulei},
  journal={Journal of Systems and Software},
  volume={216},
  pages={112109},
  year={2024},
  publisher={Elsevier}
}


@article{stone1974cross,
  title={Cross-validatory choice and assessment of statistical predictions},
  author={Stone, Mervyn},
  journal={Journal of the royal statistical society: Series B (Methodological)},
  volume={36},
  number={2},
  pages={111--133},
  year={1974},
  publisher={Wiley Online Library}
}


@misc{github_copilot,
  author = {{GitHub}},
  title  = {GitHub Copilot — AI pair programmer},
  year   = {2021},
  url    = {https://github.com/features/copilot},
  note   = {Product page; Accessed: 2025-10-28}
}

@misc{anthropic_claude,
  author = {{Anthropic}},
  title  = {Claude (including Claude Code) — Helpful, honest, and harmless AI assistants},
  year   = {2023},
  url    = {https://www.anthropic.com/claude},
  note   = {Product page; Accessed: 2025-10-28}
}

@misc{cursor_ai,
  author = {{Cursor}},
  title  = {Cursor — AI for developers (IDE-powered coding assistant)},
  year   = {2023},
  url    = {https://www.cursor.so},
  note   = {Product page; Accessed: 2025-10-28}
}

@misc{windsurf_ai,
  author = {{Windsurf}},
  title  = {Windsurf — Workspace-aware coding assistant},
  year   = {2024},
  url    = {https://windsurf.ai},
  note   = {Product page; Accessed: 2025-10-28}
}
